% Encoding: UTF-8

@Inbook{Nakano1995,
    author="Nakano, Shin-ichi
    and Zhou, Xiao
    and Nishizeki, Takao",
    title="Edge-coloring algorithms",
    bookTitle="Computer Science Today: Recent Trends and Developments",
    year="1995",
    publisher="Springer Berlin Heidelberg",
    address="Berlin, Heidelberg",
    pages="172--183",
    abstract="The edge-coloring problem is one of the fundamental problems on graphs, which often appears in various scheduling problems like the file transfer problem on computer networks. In this paper, we survey recent advances and results on the classical edge-coloring problem as well as the generalized edge-coloring problems, called the f-coloring and $\Phi$-coloring problems. In particular we review various upper bounds on the minimum number of colors required to edge-color graphs, and present efficient algorithms to edge-color graphs with a number of colors not exceeding the upper bounds.",
    isbn="978-3-540-49435-5",
    doi="10.1007/BFb0015243",
    url="https://doi.org/10.1007/BFb0015243"
}

@article{Holyer1981TheNO,
    title={The NP-Completeness of Edge-Coloring},
    author={Ian Holyer},
    journal={SIAM J. Comput.},
    year={1981},
    volume={10},
    pages={718-720},
    url={https://api.semanticscholar.org/CorpusID:13131049}
}

@article{tait_1880,
    title={4. On the Colouring of Maps},
    volume={10},
    DOI={10.1017/S0370164600044229},
    journal={Proceedings of the Royal Society of Edinburgh},
    publisher={Royal Society of Edinburgh Scotland Foundation},
    author={Tait},
    year={1880},
    pages={501–503}
}

@article{König1916,
    author = {König, D.},
    journal = {Mathematische Annalen},
    language = {ger},
    pages = {453-465},
    title = {Über Graphen und ihre Anwendung auf Determinantentheorie und Mengenlehre},
    url = {http://eudml.org/doc/158740},
    volume = {77},
    year = {1916},
}

@article{Shannon1949ATO,
  title={A Theorem on Coloring the Lines of a Network},
  author={Claude E. Shannon},
  journal={Journal of Mathematics and Physics},
  year={1949},
  volume={28},
  pages={148-152},
  url={https://api.semanticscholar.org/CorpusID:124059789}
}

@article{1571980075458819456,
    author="VIZING V. G.",
    title="On an estimate of the chromatic class of a p-graph",
    journal="Discret Analiz",
    year="1964",
    volume="3",
    pages="25-30",
    URL="https://cir.nii.ac.jp/crid/1571980075458819456"
}

@article{SANDERS2001201,
title = {Planar Graphs of Maximum Degree Seven are Class I},
journal = {Journal of Combinatorial Theory, Series B},
volume = {83},
number = {2},
pages = {201-212},
year = {2001},
issn = {0095-8956},
doi = {https://doi.org/10.1006/jctb.2001.2047},
url = {https://www.sciencedirect.com/science/article/pii/S0095895601920477},
author = {Daniel P. Sanders and Yue Zhao},
abstract = {In 1965, Vizing proved that planar graphs of maximum degree at least eight have the edge chromatic number equal to their maximum degree. He conjectured the same if the maximum degree is either six or seven. This article proves the maximum degree seven case.}
}

@InProceedings{10.1007/11427186_53,
author="Kochol, Martin
and Krivo{\v{n}}{\'a}kov{\'a}, Nad'a
and Smejov{\'a}, Silvia",
editor="Nikoletseas, Sotiris E.",
title="Approximation Algorithm for Chromatic Index and Edge-Coloring of Multigraphs",
booktitle="Experimental and Efficient Algorithms",
year="2005",
publisher="Springer Berlin Heidelberg",
address="Berlin, Heidelberg",
pages="602--605",
abstract="We introduce an invariant $\pi$(G) on a graph G, which is the upper bound for the chromatic index of G, and show that $\pi$(G) and a $\pi$(G)-edge-coloring of G can be found in polynomial time. This generalizes the classical edge-coloring theorems of Shannon and Vizing.",
isbn="978-3-540-32078-4"
}

